@article{saltzer1981,
 author = {Saltzer, J. H. and Reed, D. P. and Clark, D. D.},
 title = {End-to-end Arguments in System Design},
 journal = {ACM Trans. Comput. Syst.},
 issue_date = {Nov. 1984},
 volume = {2},
 number = {4},
 month = nov,
 year = {1984},
 issn = {0734-2071},
 pages = {277--288},
 numpages = {12},
 url = {http://doi.acm.org/10.1145/357401.357402},
 doi = {10.1145/357401.357402},
 acmid = {357402},
 publisher = {ACM},
 address = {New York, NY, USA},
 keywords = {data communication, design principles, protocol design},
}
@inproceedings{kusters2010,
 author = {K\"{u}sters, Ralf and Truderung, Tomasz and Vogt, Andreas},
 title = {Accountability: Definition and Relationship to Verifiability},
 booktitle = {Proceedings of the 17th ACM Conference on Computer and Communications Security},
 series = {CCS '10},
 year = {2010},
 isbn = {978-1-4503-0245-6},
 location = {Chicago, Illinois, USA},
 pages = {526--535},
 numpages = {10},
 url = {http://doi.acm.org/10.1145/1866307.1866366},
 doi = {10.1145/1866307.1866366},
 acmid = {1866366},
 publisher = {ACM},
 address = {New York, NY, USA},
 keywords = {accountability, auction, contract-signing, e-voting, verifiability},
}
@article{chaum1981,
 author = {Chaum, David L.},
 title = {Untraceable Electronic Mail, Return Addresses, and Digital Pseudonyms},
 journal = {Communications of the ACM},
 issue_date = {Feb. 1981},
 volume = {24},
 number = {2},
 month = feb,
 year = {1981},
 issn = {0001-0782},
 pages = {84--90},
 numpages = {7},
 url = {http://doi.acm.org/10.1145/358549.358563},
 doi = {10.1145/358549.358563},
 acmid = {358563},
 publisher = {ACM},
 address = {New York, NY, USA},
 keywords = {digital signatures, electronic mail, privacy, public key cryptosystems, security, traffic analysis},
}
@phdthesis{adida2006,
  title={Advances in cryptographic voting systems},
  author={Adida, Ben},
  year={2006},
  school={Massachusetts Institute of Technology}
}
@incollection{kremer2010,
year={2010},
isbn={978-3-642-15496-6},
booktitle={Computer Security – ESORICS 2010},
volume={6345},
series={Lecture Notes in Computer Science},
editor={Gritzalis, Dimitris and Preneel, Bart and Theoharidou, Marianthi},
doi={10.1007/978-3-642-15497-3_24},
title={Election Verifiability in Electronic Voting Protocols},
url={http://dx.doi.org/10.1007/978-3-642-15497-3_24},
publisher={Springer Berlin Heidelberg},
author={Kremer, Steve and Ryan, Mark and Smyth, Ben},
pages={389-404},
language={English}
}
@conference{popoveniuc2010performance,
  booktitle={USENIX EVT/WOTE '10},
  title={Performance Requirements for End-to-End Verifiable Elections},
  author={Popoveniuc, Stefan and Kelsey, John and Regenscheid, Andrew and Vora, Poorvi}
  url={https://www.usenix.org/legacy/event/evtwote10/tech/full_papers/Popoveniuc.pdf}
}
@incollection{kremer2005,
year={2005},
isbn={978-3-540-25435-5},
booktitle={Programming Languages and Systems},
volume={3444},
series={Lecture Notes in Computer Science},
editor={Sagiv, Mooly},
doi={10.1007/978-3-540-31987-0_14},
title={Analysis of an Electronic Voting Protocol in the Applied Pi Calculus},
url={http://dx.doi.org/10.1007/978-3-540-31987-0_14},
publisher={Springer Berlin Heidelberg},
author={Kremer, Steve and Ryan, Mark},
pages={186-200},
language={English}
}
@incollection{zagorski2013,
year={2013},
isbn={978-3-642-38979-5},
booktitle={Applied Cryptography and Network Security},
volume={7954},
series={Lecture Notes in Computer Science},
editor={Jacobson, Michael and Locasto, Michael and Mohassel, Payman and Safavi-Naini, Reihaneh},
doi={10.1007/978-3-642-38980-1_28},
title={Remotegrity: Design and Use of an End-to-End Verifiable Remote Voting System},
url={http://dx.doi.org/10.1007/978-3-642-38980-1_28},
publisher={Springer Berlin Heidelberg},
author={Zagórski, Filip and Carback, Richard T. and Chaum, David and Clark, Jeremy and Essex, Aleksander and Vora, Poorvi L.},
pages={441-457},
language={English}
}
@incollection{chaum2005,
year={2005},
isbn={978-3-540-28963-0},
booktitle={Computer Security – ESORICS 2005},
volume={3679},
series={Lecture Notes in Computer Science},
editor={di Vimercati, SabrinadeCapitani and Syverson, Paul and Gollmann, Dieter},
doi={10.1007/11555827_8},
title={A Practical Voter-Verifiable Election Scheme},
url={http://dx.doi.org/10.1007/11555827_8},
publisher={Springer Berlin Heidelberg},
author={Chaum, David and Ryan, PeterY.A. and Schneider, Steve},
pages={118-139},
language={English}
}
@incollection{popoveniuc2010punchscan,
year={2010},
isbn={978-3-642-12979-7},
booktitle={Towards Trustworthy Elections},
volume={6000},
series={Lecture Notes in Computer Science},
editor={Chaum, David and Jakobsson, Markus and Rivest, RonaldL. and Ryan, PeterY.A. and Benaloh, Josh and Kutylowski, Miroslaw and Adida, Ben},
doi={10.1007/978-3-642-12980-3_15},
title={An Introduction to PunchScan},
url={http://dx.doi.org/10.1007/978-3-642-12980-3_15},
publisher={Springer Berlin Heidelberg},
author={Popoveniuc, Stefan and Hosp, Ben},
pages={242-259},
language={English}
}
@incollection{gonggrijp2009,
year={2009},
isbn={978-3-642-04134-1},
booktitle={E-Voting and Identity},
volume={5767},
series={Lecture Notes in Computer Science},
editor={Ryan, PeterY.A. and Schoenmakers, Berry},
doi={10.1007/978-3-642-04135-8_10},
title={RIES - Rijnland Internet Election System: A Cursory Study of Published Source Code},
url={http://dx.doi.org/10.1007/978-3-642-04135-8_10},
publisher={Springer Berlin Heidelberg},
keywords={electronic voting; internet voting; RIES; The Netherlands},
author={Gonggrijp, Rop and Hengeveld, Willem-Jan and Hotting, Eelco and Schmidt, Sebastian and Weidemann, Frederik},
pages={157-171},
language={English}
}
@incollection{gjosteen2012,
year={2012},
isbn={978-3-642-32746-9},
booktitle={E-Voting and Identity},
volume={7187},
series={Lecture Notes in Computer Science},
editor={Kiayias, Aggelos and Lipmaa, Helger},
doi={10.1007/978-3-642-32747-6_1},
title={{The Norwegian Internet Voting Protocol}},
url={http://dx.doi.org/10.1007/978-3-642-32747-6_1},
publisher={Springer Berlin Heidelberg},
keywords={electronic voting protocols; Decision Diffie-Hellman},
author={Gjøsteen, Kristian},
pages={1-18},
language={English}
}
