%% This BibTeX bibliography file was created using BibDesk.
%% http://bibdesk.sourceforge.net/


%% Created for Daniel M. Zimmerman at 2014-11-03 17:30:31 -0800 


%% Saved with string encoding Unicode (UTF-8) 



@misc{RFC3548,
	Author = {The Internet Society},
	Date-Added = {2014-11-04 01:29:37 +0000},
	Date-Modified = {2014-11-04 01:30:31 +0000},
	Howpublished = {\url{http://tools.ietf.org/html/rfc3548.html}},
	Month = {July},
	Title = {{RFC3548}: The {Base16}, {Base32}, and {Base64} Data Encodings},
	Year = {2003}}

@misc{AsusMITM,
	Author = {David Longenecker},
	Date-Added = {2014-11-03 23:41:50 +0000},
	Date-Modified = {2014-11-03 23:41:50 +0000},
	Howpublished = {\url{http://dnlongen.blogspot.no/2014/10/CVE-2014-2718-Asus-RT-MITM.html}},
	Month = {October},
	Title = {{ASUS} wireless router updates vulnerable to a {Man in the Middle} attack},
	Year = {2014}}

@conference{UPnP,
	Address = {Barcelona, Spain},
	Author = {S. Esnaashari and I. Welch and P. Komisarczuk},
	Booktitle = {27th International Conference on Advanced Information Networking and Applications Workshops},
	Date-Added = {2014-11-03 23:24:06 +0000},
	Date-Modified = {2014-11-03 23:24:06 +0000},
	Month = {March},
	Title = {Determining Home Users' Vulnerability to {Universal Plug and Play (UPnP)} Attacks},
	Year = {2013}}

@misc{EstoniaEVoting,
	Author = {J. Alex Halderman and Harri Hursti and Jason Kitcat and Margaret MacAlpine and Drew Springall and Travis Finkenauer and Zakir Durumeric},
	Date-Added = {2014-11-03 22:43:15 +0000},
	Date-Modified = {2014-11-03 23:43:14 +0000},
	Howpublished = {\url{http://estoniaevoting.org/}},
	Month = {May},
	Title = {Independent Report on {E-voting} in {Estonia}},
	Year = {2014}}

@misc{BrazilExploit,
	Author = {Fabio Assolini},
	Date-Added = {2014-11-03 22:20:20 +0000},
	Date-Modified = {2014-11-03 22:43:51 +0000},
	Howpublished = {\url{http://securelist.com/blog/research/57776/the-tale-of-one-thousand-and-one-dsl-modems/}},
	Month = {October},
	Title = {The Tale of One Thousand and One {DSL} Modems},
	Year = {2012}}

@conference{DCVoting,
	Address = {Kralendijk, Bonaire},
	Author = {Scott Wolchok and Eric Wustrow and Dawn Isabel and J. Alex Halderman},
	Booktitle = {16th International Conference on Financial Cryptography and Data Security},
	Date-Added = {2009-12-29 14:18:24 -0500},
	Date-Modified = {2014-11-03 23:25:45 +0000},
	Month = {February--March},
	Title = {Attacking the {Washington, D.C.} {Internet} Voting System},
	Year = {2012}}
